<collection xmlns="http://www.loc.gov/MARC21/slim">
<record>
  <leader>00403na 0a22001211i 450 </leader>
  <controlfield tag="001">IT\ICCU\CNCE\079357</controlfield>
  <controlfield tag="005">20170125000000.0</controlfield>
  <datafield tag="100" ind1=" " ind2=" ">
    <subfield code="a">20170125             0itac0103    ba</subfield>
  </datafield>
  <datafield tag="101" ind1=" " ind2=" ">
    <subfield code="a">LAT</subfield>
  </datafield>
  <datafield tag="200" ind1="1" ind2=" ">
    <subfield code="a">℗M. Antonii Mureti ... ℗Hymnorum sacrorum liber</subfield>
  </datafield>
  <datafield tag="700" ind1=" " ind2="1">
    <subfield code="a">Muret,</subfield>
    <subfield code="b">Marc Antoine</subfield>
    <subfield code="3">IT\ICCU\CNCA\000118</subfield>
  </datafield>
  <datafield tag="790" ind1=" " ind2="1">
    <subfield code="a">Muretus,</subfield>
    <subfield code="b">Marcus Antonius</subfield>
    <subfield code="3">IT\ICCU\CNCA\014739</subfield>
    <subfield code="z">Muret, Marc Antoine</subfield>
  </datafield>
  <datafield tag="801" ind1=" " ind2="3">
    <subfield code="a">IT</subfield>
    <subfield code="b">ICCU</subfield>
    <subfield code="c">20201115</subfield>
  </datafield>
</record>
</collection>
